<record><leader>00000cas a22000007  4500</leader><controlfield tag="001">1554467</controlfield><controlfield tag="008">750817c19689999mouwr ne      0   a0eng d</controlfield><datafield ind1=" " ind2=" " tag="010"><subfield code="a">sn 78004859 </subfield></datafield><datafield ind1=" " ind2=" " tag="040"><subfield code="a">MUL</subfield><subfield code="b">eng</subfield><subfield code="c">MUL</subfield><subfield code="d">NSD</subfield><subfield code="d">BTI</subfield><subfield code="d">NSD</subfield><subfield code="d">NST</subfield><subfield code="d">MQN</subfield><subfield code="d">NVK</subfield><subfield code="d">OCLCQ</subfield><subfield code="d">OCLCF</subfield><subfield code="d">OCLCO</subfield></datafield><datafield ind1=" " ind2=" " tag="012"><subfield code="i">8807</subfield><subfield code="k">1</subfield><subfield code="m">1</subfield></datafield><datafield ind1="0" ind2=" " tag="022"><subfield code="a">0009-5516</subfield><subfield code="l">0009-5516</subfield><subfield code="2">1</subfield></datafield><datafield ind1="1" ind2=" " tag="029"><subfield code="a">AU@</subfield><subfield code="b">000005997782</subfield></datafield><datafield ind1=" " ind2=" " tag="032"><subfield code="a">796540</subfield><subfield code="b">USPS</subfield></datafield><datafield ind1=" " ind2=" " tag="042"><subfield code="a">nsdp</subfield></datafield><datafield ind1=" " ind2="4" tag="050"><subfield code="a">BR1</subfield></datafield><datafield ind1="0" ind2=" " tag="130"><subfield code="a">Christian news (New Haven, Mo.)</subfield></datafield><datafield ind1="0" ind2=" " tag="210"><subfield code="a">Christ. news</subfield><subfield code="b">(New Haven, Mo.)</subfield></datafield><datafield ind1=" " ind2="0" tag="222"><subfield code="a">Christian news</subfield><subfield code="b">(New Haven, Mo.)</subfield></datafield><datafield ind1="0" ind2="0" tag="245"><subfield code="a">Christian news.</subfield></datafield><datafield ind1=" " ind2=" " tag="260"><subfield code="a">New Haven, Mo.,</subfield><subfield code="b">Lutheran News</subfield></datafield><datafield ind1=" " ind2=" " tag="300"><subfield code="a">v.</subfield><subfield code="b">ill., ports.</subfield><subfield code="c">41 cm.</subfield></datafield><datafield ind1=" " ind2=" " tag="310"><subfield code="a">Weekly</subfield></datafield><datafield ind1="0" ind2=" " tag="362"><subfield code="a">Vol. 1, no. 1 (Jan. 1, 1968)-</subfield></datafield><datafield ind1=" " ind2=" " tag="500"><subfield code="a">Editor: H. Otten.</subfield></datafield><datafield ind1=" " ind2=" " tag="515"><subfield code="a">Volume numbering changes: Vol. 12, no. 5 (Jan 29, 1979) becomes v. 17, no. 5 (Jan 29, 1979).</subfield></datafield><datafield ind1=" " ind2="0" tag="650"><subfield code="a">Lutherans</subfield><subfield code="z">United States</subfield><subfield code="v">Newspapers.</subfield></datafield><datafield ind1=" " ind2="0" tag="650"><subfield code="a">Christianity</subfield><subfield code="v">Newspapers.</subfield></datafield><datafield ind1=" " ind2="0" tag="650"><subfield code="a">Lutheran Church</subfield><subfield code="z">Missouri</subfield><subfield code="v">Newspapers.</subfield></datafield><datafield ind1=" " ind2="0" tag="651"><subfield code="a">New Haven (Mo.)</subfield><subfield code="v">Newspapers.</subfield></datafield><datafield ind1=" " ind2="7" tag="655"><subfield code="a">Newspapers.</subfield><subfield code="2">fast</subfield><subfield code="0">(OCoLC)fst01423814</subfield></datafield><datafield ind1=" " ind2="7" tag="650"><subfield code="a">Christianity.</subfield><subfield code="2">fast</subfield><subfield code="0">(OCoLC)fst00859599</subfield></datafield><datafield ind1=" " ind2="7" tag="650"><subfield code="a">Lutheran Church.</subfield><subfield code="2">fast</subfield><subfield code="0">(OCoLC)fst01003996</subfield></datafield><datafield ind1=" " ind2="7" tag="650"><subfield code="a">Lutherans.</subfield><subfield code="2">fast</subfield><subfield code="0">(OCoLC)fst01004072</subfield></datafield><datafield ind1=" " ind2="7" tag="651"><subfield code="a">Missouri.</subfield><subfield code="2">fast</subfield><subfield code="0">(OCoLC)fst01204724</subfield></datafield><datafield ind1=" " ind2="7" tag="651"><subfield code="a">Missouri</subfield><subfield code="z">New Haven.</subfield><subfield code="2">fast</subfield><subfield code="0">(OCoLC)fst01272913</subfield></datafield><datafield ind1=" " ind2="7" tag="651"><subfield code="a">United States.</subfield><subfield code="2">fast</subfield><subfield code="0">(OCoLC)fst01204155</subfield></datafield><datafield ind1="1" ind2=" " tag="700"><subfield code="a">Otten, Herman.</subfield></datafield><datafield ind1=" " ind2=" " tag="752"><subfield code="a">United States</subfield><subfield code="b">Missouri</subfield><subfield code="c">Franklin</subfield><subfield code="d">New Haven.</subfield></datafield><datafield ind1="0" ind2="0" tag="780"><subfield code="t">Lutheran news (New Haven, Mo.)</subfield><subfield code="w">(DLC)sn 93060380</subfield><subfield code="w">(OCoLC)1715454</subfield></datafield><datafield ind1=" " ind2=" " tag="850"><subfield code="a">DLC</subfield><subfield code="a">KU-S</subfield></datafield></record>